<record><leader>00000cas a2200000 a 4500</leader><controlfield tag="001">12390760</controlfield><controlfield tag="008">850815d18831883ksudr ne      0    0eng d</controlfield><datafield ind1=" " ind2=" " tag="010"><subfield code="a">sn 85029666 </subfield></datafield><datafield ind1=" " ind2=" " tag="040"><subfield code="a">KSH</subfield><subfield code="b">eng</subfield><subfield code="c">KSH</subfield><subfield code="d">NPT</subfield><subfield code="d">OCL</subfield><subfield code="d">OCLCQ</subfield></datafield><datafield ind1=" " ind2=" " tag="042"><subfield code="a">msc</subfield></datafield><datafield ind1="0" ind2="0" tag="245"><subfield code="a">Daily Kirwin chief.</subfield></datafield><datafield ind1="3" ind2="0" tag="246"><subfield code="a">Kirwin daily chief</subfield></datafield><datafield ind1=" " ind2=" " tag="260"><subfield code="a">Kirwin, Kan. :</subfield><subfield code="b">Will C. Thorton</subfield></datafield><datafield ind1=" " ind2=" " tag="300"><subfield code="a">v. ;</subfield><subfield code="c">38 cm.</subfield></datafield><datafield ind1=" " ind2=" " tag="310"><subfield code="a">Daily</subfield></datafield><datafield ind1="1" ind2=" " tag="362"><subfield code="a">Began in 1883; ceased in 1883?</subfield></datafield><datafield ind1=" " ind2=" " tag="580"><subfield code="a">Also issued a weekly edition called: Kirwin chief (Kirwin, Kan. : 1877).</subfield></datafield><datafield ind1=" " ind2=" " tag="588"><subfield code="a">Description based on: Vol. 1, no. 8 (July 17, 1883).</subfield></datafield><datafield ind1=" " ind2=" " tag="752"><subfield code="a">United States</subfield><subfield code="b">Kansas</subfield><subfield code="c">Phillips</subfield><subfield code="d">Kirwin.</subfield></datafield><datafield ind1="1" ind2=" " tag="775"><subfield code="t">Kirwin chief (Kirwin, Kan. : 1877)</subfield><subfield code="w">(DLC)sn 85029491</subfield></datafield><datafield ind1="0" ind2="0" tag="785"><subfield code="t">Daily Kansas northwest</subfield><subfield code="w">(DLC)sn 85029667</subfield></datafield></record>